01REMESSA01COBRANÇA       32999000616966      -HIPER FESTA FRANCHISING LTDA 756BANCOOBCED     0205230000499                                                                                                                                                                                                                                                                                               000001
10212973308000100329990003041660000001661285690               0000018769990100       0000000000          201010187699   080523000000010363375632999020020523010500900002000020000000000000000000900000000000000000000000000209185667000180Fabrica De Produtos Alimenticios Amaro LDistrito Industrial de Luziania      Distrito Indust72832000Luziania       GO                                        60 000002
10212973308000100329990003041660000001661285688               0000018769740100       0000000000          201010187697   100523000000112654675632999020020523010500900002000020000000000000000000900000000000000000000000000202538436000830DARNEL EMBALAGENS LTDA                  R TENENTE BENEDITO NEPOMUCENO        ESTACAO        83705190Araucaria      PR                                        60 000003
10212973308000100329990003041660000001661285689               0000018769810100       0000000000          201010187698   150523000000084190975632999020020523010500900002000020000000000000000000900000000000000000000000000261193496001719Dr. Oetker Brasil Ltda....              R EUGENIO ESTOCO                     DISTR. IND. ALF13255415ITATIBA        SP                                        60 000004
10212973308000100329990003041660000001661285691               0000018770020100       0000000000          201010187700   080523000000005558575632999020020523010500900002000020000000000000000000900000000000000000000000000205385324000290MTSZ EMBALAGENS PLASTICAS LTDA          Estrada do Itaqui                    Condominio Nova06690110Itapevi        SP                                        60 000005
10212973308000100329990003041660000001661285687               0000018769670100       0000000000          201010187696   080523000000022759375632999020020523010500900002000020000000000000000000900000000000000000000000000294319589000139GALVANOTEK EMBALAGENS LTDA              RUA LEONILDA MAFFACIOLI BALDASSO     SAO PAULO      95185000CARLOS BARBOSA RS                                        60 000006
9                                                                                                                                                                                                                                                                                                                                                                                                         000007